@inproceedings{papineni-etal-2002-bleu,
  title     = {{BLEU}: a Method for Automatic Evaluation of Machine Translation},
  author    = {Papineni, Kishore and Roukos, Salim and Ward, Todd and Zhu, Wei-Jing},
  booktitle = {Proceedings of the 40th Annual Meeting of the Association for Computational Linguistics},
  address   = {Philadelphia, PA, USA},
  pages     = {311--318},
  year      = {2002},
  publisher = {Association for Computational Linguistics},
  doi       = {10.3115/1073083.1073135},
  url       = {https://aclanthology.org/P02-1040}
}

@inproceedings{zhang-etal-2020-bertscore,
  title     = {{BERTScore}: Evaluating Text Generation with {BERT}},
  author    = {Zhang, Tianyi and Kishore, Varsha and Wu, Felix and Weinberger, Kilian Q. and Artzi, Yoav},
  booktitle = {International Conference on Learning Representations (ICLR)},
  year      = {2020},
  note      = {arXiv:1904.09675},
  doi       = {10.48550/arXiv.1904.09675},
  url       = {https://arxiv.org/abs/1904.09675}
}

@inproceedings{min-etal-2023-factscore,
  title     = {{FA}ct{S}core: Fine-grained Atomic Evaluation of Factual Precision in Long Form Text Generation},
  author    = {Min, Sewon and Krishna, Kalpesh and Lyu, Xinxi and Lewis, Mike and Yih, Wen-tau and Koh, Pang and Iyyer, Mohit and Zettlemoyer, Luke and Hajishirzi, Hannaneh},
  booktitle = {Proceedings of the 2023 Conference on Empirical Methods in Natural Language Processing},
  address   = {Singapore},
  pages     = {12076--12100},
  year      = {2023},
  publisher = {Association for Computational Linguistics},
  doi       = {10.18653/v1/2023.emnlp-main.741},
  url       = {https://aclanthology.org/2023.emnlp-main.741}
}

@article{elazar-etal-2021-pararel,
  title     = {Measuring and Improving Consistency in Pretrained Language Models},
  author    = {Elazar, Yanai and Kassner, Nora and Ravfogel, Shauli and Ravichander, Abhilasha and Hovy, Eduard and Sch{\"u}tze, Hinrich and Goldberg, Yoav},
  journal   = {Transactions of the Association for Computational Linguistics},
  year      = {2021},
  note      = {Resource: ParaRel},
  doi       = {10.48550/arXiv.2102.01017},
  url       = {https://arxiv.org/abs/2102.01017}
}

@inproceedings{gehman-etal-2020-realtoxicity,
  title     = {RealToxicityPrompts: Evaluating Neural Toxic Degeneration in Language Models},
  author    = {Gehman, Samuel and Gururangan, Suchin and Sap, Maarten and Choi, Yejin and Smith, Noah A.},
  booktitle = {Findings of the Association for Computational Linguistics: EMNLP 2020},
  year      = {2020},
  doi       = {10.48550/arXiv.2009.11462},
  url       = {https://arxiv.org/abs/2009.11462}
}

@misc{jsonschema-2020-12,
  title        = {JSON Schema: A Media Type for Describing JSON Documents (\textit{Draft 2020-12})},
  author       = {{JSON Schema Technical Steering Committee}},
  year         = {2022},
  howpublished = {\url{https://json-schema.org/draft/2020-12}},
  note         = {Accessed 2025-07-03}
}
